@article{Bloom2021MBE,
  title = {Recovery of {{Deleted Deep Sequencing Data Sheds More Light}} on the {{Early Wuhan SARS-CoV-2 Epidemic}}},
  author = {Bloom, Jesse D},
  year = {2021},
  month = dec,
  journal = {Molecular Biology and Evolution},
  volume = {38},
  number = {12},
  pages = {5211--5224},
  doi = {10.1093/molbev/msab246},
  note = {\url{https://academic.oup.com/mbe/article/38/12/5211/6353034}}
}

@article{Bloom2023VE,
  title = {Association between {{SARS-CoV-2}} and Metagenomic Content of Samples from the {{Huanan Seafood Market}}},
  author = {Bloom, Jesse D},
  year = {2023},
  month = aug,
  journal = {Virus Evolution},
  volume = {9},
  number = {2},
  pages = {vead050},
  issn = {2057-1577},
  doi = {10.1093/ve/vead050},
  langid = {english},
  note = {\url{https://academic.oup.com/ve/article/9/2/vead050/7249794}}
}

@techreport{Bloom2023bioRxiv,
  type = {Preprint},
  title = {Association between {{SARS-CoV-2}} and Metagenomic Content of Samples from the {{Huanan Seafood Market}}},
  author = {Bloom, Jesse D.},
  year = {2023},
  month = apr,
  institution = {{Microbiology}},
  doi = {10.1101/2023.04.25.538336},
  langid = {english},
  note = {\url{https://www.biorxiv.org/content/10.1101/2023.04.25.538336v1}}
}
@article{Chen2020Lancet,
  title = {Epidemiological and Clinical Characteristics of 99 Cases of 2019 Novel Coronavirus Pneumonia in {{Wuhan}}, {{China}}: A Descriptive Study},
  author = {Chen, Nanshan and Zhou, Min and Dong, Xuan and Qu, Jieming and Gong, Fengyun and Han, Yang and Qiu, Yang and Wang, Jingli and Liu, Ying and Wei, Yuan and Xia, Jia'an and Yu, Ting and Zhang, Xinxin and Zhang, Li},
  year = {2020},
  month = feb,
  journal = {The Lancet},
  volume = {395},
  number = {10223},
  pages = {507--513},
  doi = {10.1016/S0140-6736(20)30211-7},
  langid = {english},
  note = {\url{https://www.sciencedirect.com/science/article/pii/S0140673620302117}}
}

@techreport{ACC2023Zenodo,
  title = {Genetic Evidence of Susceptible Wildlife in {{SARS-CoV-2}} Positive Samples at the {{Huanan Wholesale Seafood Market}}, {{Wuhan}}: {{Analysis}} and Interpretation of Data Released by the {{Chinese Center}} for {{Disease Control}}},
  shorttitle = {Genetic Evidence of Susceptible Wildlife in {{SARS-CoV-2}} Positive Samples at the {{Huanan Wholesale Seafood Market}}, {{Wuhan}}},
  author = {{Crits-Christoph}, Alex and Gangavarapu, Karthik and Pekar, Jonathan E. and Moshiri, Niema and Singh, Reema and Levy, Joshua I. and Goldstein, Stephen A. and Suchard, Marc A. and Popescu, Saskia and Robertson, David L. and Lemey, Philippe and Wertheim, Joel O. and Garry, Robert F. and Rasmussen, Angela L. and Andersen, Kristian G. and Holmes, Edward C. and Rambaut, Andrew and Worobey, Michael and D{\'e}barre, Florence},
  year = {2023},
  month = mar,
  institution = {{Zenodo}},
  doi = {10.5281/ZENODO.7754299},
  urldate = {2023-09-25},
  abstract = {Genetic evidence of susceptible wildlife in SARS-CoV-2 positive samples at the Huanan Wholesale Seafood Market, Wuhan: Analysis and interpretation of data released by the Chinese Center for Disease Control},
  copyright = {Creative Commons Attribution 4.0 International, Open Access},
  langid = {english},
  note = {\url{https://zenodo.org/record/7754299}}
}

@techreport{ACC2023bioRxiv,
  type = {Preprint},
  title = {Genetic Tracing of Market Wildlife and Viruses at the Epicenter of the {{COVID-19}} Pandemic},
  author = {{Crits-Christoph}, Alexander and Levy, Joshua I. and Pekar, Jonathan E. and Goldstein, Stephen A. and Singh, Reema and Hensel, Zach and Gangavarapu, Karthik and Rogers, Matthew B. and Moshiri, Niema and Garry, Robert F. and Holmes, Edward C. and Koopmans, Marion P. G. and Lemey, Philippe and Popescu, Saskia and Rambaut, Andrew and Robertson, David L. and Suchard, Marc A. and Wertheim, Joel O. and Rasmussen, Angela L. and Andersen, Kristian G. and Worobey, Michael and D{\'e}barre, Florence},
  year = {2023},
  month = sep,
  institution = {{Genomics}},
  doi = {10.1101/2023.09.13.557637},
  note = {\url{https://www.biorxiv.org/content/10.1101/2023.09.13.557637v1.full}}
}

@article{CORibera2022ER,
  title = {{{SARS-CoV-2}} Infection at the {{Huanan}} Seafood Market},
  author = {{Courtier-Orgogozo}, Virginie and {{de}} Ribera, Francisco A.},
  year = {2022},
  month = nov,
  journal = {Environmental Research},
  volume = {214},
  pages = {113702},
  doi = {10.1016/j.envres.2022.113702},
  note = {\url{https://www.sciencedirect.com/science/article/pii/S0013935122010295}}
}


@article{Freuling2020EID,
  title = {Susceptibility of {{Raccoon Dogs}} for {{Experimental SARS-CoV-2 Infection}}},
  author = {Freuling, Conrad M. and Breithaupt, Angele and M{\"u}ller, Thomas and Sehl, Julia and {Balkema-Buschmann}, Anne and Rissmann, Melanie and Klein, Antonia and Wylezich, Claudia and H{\"o}per, Dirk and Wernike, Kerstin and Aebischer, Andrea and Hoffmann, Donata and Friedrichs, Virginia and Dorhoi, Anca and Groschup, Martin H. and Beer, Martin and Mettenleiter, Thomas C.},
  year = {2020},
  month = dec,
  journal = {Emerging Infectious Diseases},
  volume = {26},
  number = {12},
  pages = {2982--2985},
  issn = {1080-6040, 1080-6059},
  doi = {10.3201/eid2612.203733},
  note = {\url{http://wwwnc.cdc.gov/eid/article/26/12/20-3733_article.htm}}
}
@article{GostinGronvall2023NEJM,
  title = {The {{Origins}} of {{Covid-19}} \textemdash{} {{Why It Matters}} (and {{Why It Doesn}}'t)},
  author = {Gostin, Lawrence O. and Gronvall, Gigi K.},
  year = {2023},
  month = jun,
  journal = {New England Journal of Medicine},
  volume = {388},
  number = {25},
  pages = {2305--2308},
  issn = {0028-4793, 1533-4406},
  doi = {10.1056/NEJMp2305081},
  urldate = {2023-09-23},
  langid = {english},
  note = {\url{http://www.nejm.org/doi/10.1056/NEJMp2305081}}
}

@article{Keusch2022PNAS,
  title = {Pandemic Origins and a {{One Health}} Approach to Preparedness and Prevention: {{Solutions}} Based on {{SARS-CoV-2}} and Other {{RNA}} Viruses},
  shorttitle = {Pandemic Origins and a {{One Health}} Approach to Preparedness and Prevention},
  author = {Keusch, Gerald T. and Amuasi, John H. and Anderson, Danielle E. and Daszak, Peter and Eckerle, Isabella and Field, Hume and Koopmans, Marion and Lam, Sai Kit and Das Neves, Carlos G. and Peiris, Malik and Perlman, Stanley and Wacharapluesadee, Supaporn and Yadana, Su and Saif, Linda},
  year = {2022},
  month = oct,
  journal = {Proceedings of the National Academy of Sciences},
  volume = {119},
  number = {42},
  pages = {e2202871119},
  issn = {0027-8424, 1091-6490},
  doi = {10.1073/pnas.2202871119},
  urldate = {2023-09-25},
  langid = {english}, 
  note = {\url{https://pnas.org/doi/10.1073/pnas.2202871119}}
}

@misc{Koopmans2021BMJ,
  title = {Origins of Covid},
  author = {{The BMJ}},
  year = {2021},
  month = oct,
  note = {\url{https://youtu.be/eLSv4Iwk_jM?feature=shared&t=1893}}
}

@misc{Liu2023ChinaXiv,
  title = {Surveillance of {{SARS-CoV-2}} at the {{Huanan}} Seafood Market},
  author = {Liu, William J and Liu, Peipei and Lei, Wenwen and Jia, Zhiyuan and He, Xiaozhou and Shi, Weifeng and Tan, Yun and Zou, Shumei and Wong, Gary and Wang, Ji and others},
  year = {2023},
  doi = {10.12074/202303.10351V1},
  note = {\url{http://chinaxiv.org/abs/202303.10351}}
}

@misc{Liu2022RS,
  type = {Preprint},
  title = {Surveillance of {{SARS-CoV-2}} in the Environment and Animal Samples of the {{Huanan Seafood Market}}},
  author = {Liu, William and Liu, Peipei and Lei, Wenwen and Jia, Zhiyuan and He, Xiaozhou and Liu, Lin-Lin and Shi, Weifeng and Tan, Yun and Zou, Shumei and Zhao, Xiang and Wong, Gary and Wang, Ji and Wang, Feng and Wang, Gang and Qin, Kun and Gao, Rongbao and Zhang, Jie and Li, Min and Xiao, Wenling and Guo, Yuanyuan and Xu, Ziqian and Zhao, Yingze and Song, Jingdong and Zhang, {\relax Ji}ng and Zhen, Wei and Zhou, Wenting and Ye, Beiwei and Song, Juan and Yang, Mengjie and Zhou, Weimin and Bi, Yuhai and Cai, Kun and Wang, Dayan and Tan, Wenjie and Han, Jun and Xu, Wenbo and Gao, George and Wu, Guizhen},
  year = {2022},
  month = feb,
  doi = {10.21203/rs.3.rs-1370392/v1},
  urldate = {2023-09-25},
  note = {\url{https://www.researchsquare.com/article/rs-1370392/v1}} 
}

@article{Liu2023Nature,
  title = {Surveillance of {{SARS-CoV-2}} at the {{Huanan Seafood Market}}},
  author = {Liu, William J. and Liu, Peipei and Lei, Wenwen and Jia, Zhiyuan and He, Xiaozhou and Shi, Weifeng and Tan, Yun and Zou, Shumei and Wong, Gary and Wang, Ji and Wang, Feng and Wang, Gang and Qin, Kun and Gao, Rongbao and Zhang, Jie and Li, Min and Xiao, Wenling and Guo, Yuanyuan and Xu, Ziqian and Zhao, Yingze and Song, Jingdong and Zhang, Jing and Zhen, Wei and Zhou, Wenting and Ye, Beiwei and Song, Juan and Yang, Mengjie and Zhou, Weimin and Dai, Yuting and Lu, Gang and Bi, Yuhai and Tan, Wenjie and Han, Jun and Gao, George F. and Wu, Guizhen},
  year = {2023},
  month = apr,
  journal = {Nature},
  issn = {0028-0836, 1476-4687},
  doi = {10.1038/s41586-023-06043-2},
  urldate = {2023-09-25},
  langid = {english},
  note = {\url{https://www.nature.com/articles/s41586-023-06043-2}}
}

@article{Tan2020CCDC,
  title = {A {{Novel Coronavirus Genome Identified}} in a {{Cluster}} of {{Pneumonia Cases}} \textemdash{} {{Wuhan}}, {{China}} 2019-2020},
  author = {Tan, Wenjie and Zhao, Xiang and Ma, Xuejun and Wang, Wenling and Niu, Peihua and Xu, Wenbo and F. Gao, George and Wu, Guizhen and {MHC Key Laboratory of Biosafety, National Institute for Viral Disease Control and Prevention, China CDC, Beijing, China} and {Center for Biosafety Mega-Science, Chinese Academy of Sciences, Beijing, China}},
  year = {2020},
  journal = {China CDC Weekly},
  volume = {2},
  number = {4},
  pages = {61--62},
  issn = {2096-7071},
  doi = {10.46234/ccdcw2020.017},
  urldate = {2023-09-24},
  langid = {english},
  note = {\url{http://weekly.chinacdc.cn/en/article/doi/10.46234/ccdcw2020.017}}
}

@book{WHO2021,
  title = {{{WHO-convened}} Global Study of Origins of {{SARS-CoV-2}}: {{China}} Part: {{Joint WHO-China}} Study, 14 January-10 February 2021 : {{Joint}} Report},
  author = {{World Health Organization}},
  year = {2021},
  langid = {english},
  publisher = {WHO},
  note = {\url{https://www.who.int/publications/i/item/who-convened-global-study-of-origins-of-sars-cov-2-china-part}}
}

@article{Worobey2021Science,
  title = {Dissecting the Early {{COVID-19}} Cases in {{Wuhan}}},
  author = {Worobey, Michael},
  year = {2021},
  month = dec,
  journal = {Science},
  volume = {374},
  number = {6572},
  pages = {1202--1204},
  issn = {0036-8075, 1095-9203},
  doi = {10.1126/science.abm4454},
  urldate = {2022-03-02},
  langid = {english},
  note = {\url{https://www.science.org/doi/10.1126/science.abm4454}}
}

@article{Worobey2022Science,
  title = {The {{Huanan Seafood Wholesale Market}} in {{Wuhan}} Was the Early Epicenter of the {{COVID-19}} Pandemic},
  author = {Worobey, Michael and Levy, Joshua I. and Serrano, Lorena Malpica and {Crits-Christoph}, Alexander and Pekar, Jonathan E. and Goldstein, Stephen A. and Rasmussen, Angela L. and Kraemer, Moritz U. G. and Newman, Chris and Koopmans, Marion P. G. and Suchard, Marc A. and Wertheim, Joel O. and Lemey, Philippe and Robertson, David L. and Garry, Robert F. and Holmes, Edward C. and Rambaut, Andrew and Andersen, Kristian G.},
  year = {2022},
  month = jul,
  journal = {Science},
  pages = {abp8715},
  issn = {0036-8075, 1095-9203},
  doi = {10.1126/science.abp8715},
  note = {\url{https://www.science.org/doi/10.1126/science.abp8715}}
}

@misc{Worobey2022Zenodo,
  title = {The {{Huanan}} Market Was the Epicenter of {{SARS-CoV-2}} Emergence},
  author = {Worobey, Michael and Levy, Joshua I. and Serrano, Lorena M. Malpica and {Crits-Christoph}, Alexander and Pekar, Jonathan E. and Goldstein, Stephen A. and Rasmussen, Angela L. and Kraemer, Moritz U. G. and Newman, Chris and Koopmans, Marion P. G. and Suchard, Marc A. and Wertheim, Joel O. and Lemey, Philippe and Robertson, David L. and Garry, Robert F. and Holmes, Edward C. and Rambaut, Andrew and Andersen, Kristian G.},
  year = {2022},
  month = feb,
  publisher = {{Zenodo}},
  doi = {10.5281/ZENODO.6299600},
  note = {\url{https://zenodo.org/record/6299600}}
}


@techreport{Wu2020CCDC,
  title = {{Report from the Chinese Center for Disease Control and Prevention's Office of Virus Control and Prevention, Regarding the Results of Environmental Sample Testing for the Novel Coronavirus Epidemic in Wuhan}},
  author = {Wu, Guizhen},
  year = {2020},
  month = jan,
  number = {53},
  langid = {chinese},
  institution = {Chinese Center for Disease Control and Prevention}, 
  note = {\url{https://archive.ph/xPBFD}}
}

@article{Xiao2021SciRep,
  title = {Animal Sales from {{Wuhan}} Wet Markets Immediately Prior to the {{COVID-19}} Pandemic},
  author = {Xiao, Xiao and Newman, Chris and Buesching, Christina D and Macdonald, David W and Zhou, Zhao-Min},
  year = {2021},
  month = jun,
  journal = {Scientific Reports},
  volume = {11},
  number = {1},
  pages = {1--7},
  note = {\url{https://www.nature.com/articles/s41598-021-91470-2}}
}
@article{Xu2004EID,
  title = {Epidemiologic {{Clues}} to {{SARS Origin}} in {{China}}},
  author = {Xu, Rui-Heng and He, Jian-Feng and Evans, Meirion R. and Peng, Guo-Wen and Field, Hume E and Yu, De-Wen and Lee, Chin-Kei and Luo, Hui-Min and Lin, Wei-Sheng and Lin, Peng and Li, Ling-Hui and Liang, Wen-Jia and Lin, Jin-Yan and Schnur, Alan},
  year = {2004},
  month = jun,
  journal = {Emerging Infectious Diseases},
  volume = {10},
  number = {6},
  pages = {1030--1037},
  issn = {1080-6040, 1080-6059},
  doi = {10.3201/eid1006.030852},
  urldate = {2023-09-23},
  note = {\url{http://wwwnc.cdc.gov/eid/article/10/6/03-0852_article.htm}}
}

@article{Zhang2020Nature,
  title = {Viral and Host Factors Related to the Clinical Outcome of {{COVID-19}}},
  author = {Zhang, Xiaonan and Tan, Yun and Ling, Yun and Lu, Gang and Liu, Feng and Yi, Zhigang and Jia, Xiaofang and Wu, Min and Shi, Bisheng and Xu, Shuibao and Chen, Jun and Wang, Wei and Chen, Bing and Jiang, Lu and Yu, Shuting and Lu, Jing and Wang, Jinzeng and Xu, Mingzhu and Yuan, Zhenghong and Zhang, Qin and Zhang, Xinxin and Zhao, Guoping and Wang, Shengyue and Chen, Saijuan and Lu, Hongzhou},
  year = {2020},
  month = jul,
  journal = {Nature},
  volume = {583},
  number = {7816},
  pages = {437--440},
  doi = {10.1038/s41586-020-2355-0},
  note = {\url{https://www.nature.com/articles/s41586-020-2355-0}}
}